@phdthesis{thambiratnam2005acoustic,
  title={Acoustic keyword spotting in speech with applications to data mining},
  author={Thambiratnam, Albert JK},
  year={2005},
  school={Queensland University of Technology}
}



@inproceedings{garcia2006keyword,
  title={Keyword spotting of arbitrary words using minimal speech resources},
  author={Garcia, Alvin and Gish, Herbert},
  booktitle={ICASSP},
  volume={1},
  year={2006},
}

@inproceedings{rose1990hidden,
  title={A hidden Markov model based keyword recognition system},
  author={Rose, Richard C and Paul, Douglas B},
  booktitle={ICASSP},
  year={1990},
  organization={IEEE}
}
